@article{L1,
   title={l1-penalization for mixture regression models},
   volume={19},
   ISSN={1863-8260},
   url={http://dx.doi.org/10.1007/s11749-010-0197-z},
   DOI={10.1007/s11749-010-0197-z},
   number={2},
   journal={TEST},
   publisher={Springer Science and Business Media LLC},
   author={Städler, Nicolas and Bühlmann, Peter and van de Geer, Sara},
   year={2010},
   month={Jun},
   pages={209–256}
}

@article{ggm,
author = {Ren, Mingyang and Zhang, Sanguo and Zhang, Qingzhao and Ma, Shuangge},
year = {2021},
month = {01},
pages = {},
title = {Gaussian graphical model‐based heterogeneity analysis via penalized fusion},
journal = {Biometrics},
doi = {10.1111/biom.13426}
}

@article{main,
author = {Ren, Mingyang and Zhang, Qingzhao and Zhang, Sanguo and Zhong, Tingyan and Huang, Jian and Ma, Shuangge},
year = {2021},
month = {08},
pages = {},
title = {Hierarchical cancer heterogeneity analysis based on histopathological imaging features},
journal = {Biometrics},
doi = {10.1111/biom.13544}
}

@article{wls,
author = {Grün, Bettina and Leisch, Friedrich},
year = {2006},
month = {01},
pages = {},
title = {Fitting Finite Mixtures of Linear Regression Models with Varying \& Fixed Effects in R}
}

@article{wu2020structured,
  title={Structured gene-environment interaction analysis},
  author={Wu, Mengyun and Zhang, Qingzhao and Ma, Shuangge},
  journal={Biometrics},
  volume={76},
  number={1},
  pages={23--35},
  year={2020},
  publisher={Wiley Online Library}
}